@article{idris2009car,
  title={Car park system: A review of smart parking system and its technology},
  author={Idris, MY Idna and Leng, YY and Tamil, EM and Noor, NM and Razak, Z and others},
  journal={Information Technology Journal},
  volume={8},
  number={2},
  pages={101--113},
  year={2009}
}
@inproceedings{fraifer2016investigation,
  title={Investigation of smart parking systems and their technologies},
  author={Fraifer, Muftah and Fernstr{\"o}m, Mikael},
  booktitle={Thirty Seventh International Conference on Information Systems. IoT Smart City Challenges Applications (ISCA 2016), Dublin, Ireland},
  pages={1--14},
  year={2016}
}
@article{itdp2014shared,
  title={What is shared parking? },
  author={Institute for Transportation and Development Policy},
  year={2014}
}
@article{vtpi2015shared,
  title={Shared Parking},
  author={Victoria Transport Policy Institute},
  year={2015}
}
@article{shoup2006cruising,
  title={Cruising for parking},
  author={Shoup, Donald C},
  journal={Transport Policy},
  volume={13},
  number={6},
  pages={479--486},
  year={2006},
  publisher={Elsevier}
}
@article{shaheen2005smart,
  title={Smart parking management field test: A bay area rapid transit (bart) district parking demonstration},
  author={Shaheen, Susan},
  year={2005}
}